%YAML 1.1
%TAG !u! tag:unity3d.com,2011:
--- !u!29 &1
OcclusionCullingSettings:
  m_ObjectHideFlags: 0
  serializedVersion: 2
  m_OcclusionBakeSettings:
    smallestOccluder: 5
    smallestHole: 0.25
    backfaceThreshold: 100
  m_SceneGUID: 00000000000000000000000000000000
  m_OcclusionCullingData: {fileID: 0}
--- !u!104 &2
RenderSettings:
  m_ObjectHideFlags: 0
  serializedVersion: 9
  m_Fog: 0
  m_FogColor: {r: 0.5, g: 0.5, b: 0.5, a: 1}
  m_FogMode: 3
  m_FogDensity: 0.01
  m_LinearFogStart: 0
  m_LinearFogEnd: 300
  m_AmbientSkyColor: {r: 0.212, g: 0.227, b: 0.259, a: 1}
  m_AmbientEquatorColor: {r: 0.114, g: 0.125, b: 0.133, a: 1}
  m_AmbientGroundColor: {r: 0.047, g: 0.043, b: 0.035, a: 1}
  m_AmbientIntensity: 1
  m_AmbientMode: 0
  m_SubtractiveShadowColor: {r: 0.42, g: 0.478, b: 0.627, a: 1}
  m_SkyboxMaterial: {fileID: 10304, guid: 0000000000000000f000000000000000, type: 0}
  m_HaloStrength: 0.5
  m_FlareStrength: 1
  m_FlareFadeSpeed: 3
  m_HaloTexture: {fileID: 0}
  m_SpotCookie: {fileID: 10001, guid: 0000000000000000e000000000000000, type: 0}
  m_DefaultReflectionMode: 0
  m_DefaultReflectionResolution: 128
  m_ReflectionBounces: 1
  m_ReflectionIntensity: 1
  m_CustomReflection: {fileID: 0}
  m_Sun: {fileID: 0}
  m_IndirectSpecularColor: {r: 0.44657898, g: 0.4964133, b: 0.5748178, a: 1}
  m_UseRadianceAmbientProbe: 0
--- !u!157 &3
LightmapSettings:
  m_ObjectHideFlags: 0
  serializedVersion: 11
  m_GIWorkflowMode: 0
  m_GISettings:
    serializedVersion: 2
    m_BounceScale: 1
    m_IndirectOutputScale: 1
    m_AlbedoBoost: 1
    m_TemporalCoherenceThreshold: 1
    m_EnvironmentLightingMode: 0
    m_EnableBakedLightmaps: 1
    m_EnableRealtimeLightmaps: 0
  m_LightmapEditorSettings:
    serializedVersion: 10
    m_Resolution: 2
    m_BakeResolution: 10
    m_AtlasSize: 512
    m_AO: 0
    m_AOMaxDistance: 1
    m_CompAOExponent: 1
    m_CompAOExponentDirect: 0
    m_Padding: 2
    m_LightmapParameters: {fileID: 0}
    m_LightmapsBakeMode: 1
    m_TextureCompression: 1
    m_FinalGather: 0
    m_FinalGatherFiltering: 1
    m_FinalGatherRayCount: 256
    m_ReflectionCompression: 2
    m_MixedBakeMode: 2
    m_BakeBackend: 1
    m_PVRSampling: 1
    m_PVRDirectSampleCount: 32
    m_PVRSampleCount: 256
    m_PVRBounces: 2
    m_PVRFilterTypeDirect: 0
    m_PVRFilterTypeIndirect: 0
    m_PVRFilterTypeAO: 0
    m_PVRFilteringMode: 1
    m_PVRCulling: 1
    m_PVRFilteringGaussRadiusDirect: 1
    m_PVRFilteringGaussRadiusIndirect: 5
    m_PVRFilteringGaussRadiusAO: 2
    m_PVRFilteringAtrousPositionSigmaDirect: 0.5
    m_PVRFilteringAtrousPositionSigmaIndirect: 2
    m_PVRFilteringAtrousPositionSigmaAO: 1
    m_ShowResolutionOverlay: 1
  m_LightingDataAsset: {fileID: 0}
  m_UseShadowmask: 1
--- !u!196 &4
NavMeshSettings:
  serializedVersion: 2
  m_ObjectHideFlags: 0
  m_BuildSettings:
    serializedVersion: 2
    agentTypeID: 0
    agentRadius: 0.5
    agentHeight: 2
    agentSlope: 45
    agentClimb: 0.4
    ledgeDropHeight: 0
    maxJumpAcrossDistance: 0
    minRegionArea: 2
    manualCellSize: 0
    cellSize: 0.16666667
    manualTileSize: 0
    tileSize: 256
    accuratePlacement: 0
    debug:
      m_Flags: 0
  m_NavMeshData: {fileID: 0}
--- !u!1001 &16004924
Prefab:
  m_ObjectHideFlags: 0
  serializedVersion: 2
  m_Modification:
    m_TransformParent: {fileID: 0}
    m_Modifications:
    - target: {fileID: 4820765655961084, guid: fe959ce7f6ec64f4ebe9e3579891a40d, type: 2}
      propertyPath: m_LocalPosition.x
      value: -0.63
      objectReference: {fileID: 0}
    - target: {fileID: 4820765655961084, guid: fe959ce7f6ec64f4ebe9e3579891a40d, type: 2}
      propertyPath: m_LocalPosition.y
      value: 0.39
      objectReference: {fileID: 0}
    - target: {fileID: 4820765655961084, guid: fe959ce7f6ec64f4ebe9e3579891a40d, type: 2}
      propertyPath: m_LocalPosition.z
      value: -3.03
      objectReference: {fileID: 0}
    - target: {fileID: 4820765655961084, guid: fe959ce7f6ec64f4ebe9e3579891a40d, type: 2}
      propertyPath: m_LocalRotation.x
      value: 0
      objectReference: {fileID: 0}
    - target: {fileID: 4820765655961084, guid: fe959ce7f6ec64f4ebe9e3579891a40d, type: 2}
      propertyPath: m_LocalRotation.y
      value: 0
      objectReference: {fileID: 0}
    - target: {fileID: 4820765655961084, guid: fe959ce7f6ec64f4ebe9e3579891a40d, type: 2}
      propertyPath: m_LocalRotation.z
      value: 0
      objectReference: {fileID: 0}
    - target: {fileID: 4820765655961084, guid: fe959ce7f6ec64f4ebe9e3579891a40d, type: 2}
      propertyPath: m_LocalRotation.w
      value: 1
      objectReference: {fileID: 0}
    - target: {fileID: 4820765655961084, guid: fe959ce7f6ec64f4ebe9e3579891a40d, type: 2}
      propertyPath: m_RootOrder
      value: 5
      objectReference: {fileID: 0}
    - target: {fileID: 114350367048427138, guid: fe959ce7f6ec64f4ebe9e3579891a40d,
        type: 2}
      propertyPath: reticleObj
      value: 
      objectReference: {fileID: 629455548}
    - target: {fileID: 114444686389064604, guid: fe959ce7f6ec64f4ebe9e3579891a40d,
        type: 2}
      propertyPath: sun
      value: 
      objectReference: {fileID: 170076733}
    - target: {fileID: 114968809589253190, guid: fe959ce7f6ec64f4ebe9e3579891a40d,
        type: 2}
      propertyPath: cursorTex
      value: 
      objectReference: {fileID: 2800000, guid: 4f485f45ffd806d4c96e5ebad7586771, type: 3}
    m_RemovedComponents: []
  m_SourcePrefab: {fileID: 100100000, guid: fe959ce7f6ec64f4ebe9e3579891a40d, type: 2}
  m_IsPrefabAsset: 0
--- !u!1 &74294921 stripped
GameObject:
  m_CorrespondingSourceObject: {fileID: 100038, guid: 0014780d9afe3124e846367e68bc82f5,
    type: 3}
  m_PrefabInternal: {fileID: 317069910}
--- !u!114 &74294925
MonoBehaviour:
  m_ObjectHideFlags: 0
  m_CorrespondingSourceObject: {fileID: 0}
  m_PrefabInternal: {fileID: 0}
  m_GameObject: {fileID: 74294921}
  m_Enabled: 1
  m_EditorHideFlags: 0
  m_Script: {fileID: 11500000, guid: 389e6bf632cd5224fa58e75a04f9de03, type: 3}
  m_Name: 
  m_EditorClassIdentifier: 
  axis: 1
  rotationSpeed: 15
--- !u!1 &87070151 stripped
GameObject:
  m_CorrespondingSourceObject: {fileID: 100008, guid: 0014780d9afe3124e846367e68bc82f5,
    type: 3}
  m_PrefabInternal: {fileID: 317069910}
--- !u!114 &87070155
MonoBehaviour:
  m_ObjectHideFlags: 0
  m_CorrespondingSourceObject: {fileID: 0}
  m_PrefabInternal: {fileID: 0}
  m_GameObject: {fileID: 87070151}
  m_Enabled: 1
  m_EditorHideFlags: 0
  m_Script: {fileID: 11500000, guid: 389e6bf632cd5224fa58e75a04f9de03, type: 3}
  m_Name: 
  m_EditorClassIdentifier: 
  axis: 0
  rotationSpeed: 15
--- !u!1 &170076733
GameObject:
  m_ObjectHideFlags: 0
  m_CorrespondingSourceObject: {fileID: 0}
  m_PrefabInternal: {fileID: 0}
  serializedVersion: 6
  m_Component:
  - component: {fileID: 170076735}
  - component: {fileID: 170076734}
  m_Layer: 0
  m_Name: Directional Light
  m_TagString: Untagged
  m_Icon: {fileID: 0}
  m_NavMeshLayer: 0
  m_StaticEditorFlags: 0
  m_IsActive: 1
--- !u!108 &170076734
Light:
  m_ObjectHideFlags: 0
  m_CorrespondingSourceObject: {fileID: 0}
  m_PrefabInternal: {fileID: 0}
  m_GameObject: {fileID: 170076733}
  m_Enabled: 1
  serializedVersion: 8
  m_Type: 1
  m_Color: {r: 1, g: 0.95686275, b: 0.8392157, a: 1}
  m_Intensity: 1
  m_Range: 10
  m_SpotAngle: 30
  m_CookieSize: 10
  m_Shadows:
    m_Type: 2
    m_Resolution: -1
    m_CustomResolution: -1
    m_Strength: 1
    m_Bias: 0.05
    m_NormalBias: 0.4
    m_NearPlane: 0.2
  m_Cookie: {fileID: 0}
  m_DrawHalo: 0
  m_Flare: {fileID: 0}
  m_RenderMode: 0
  m_CullingMask:
    serializedVersion: 2
    m_Bits: 4294967295
  m_Lightmapping: 1
  m_LightShadowCasterMode: 0
  m_AreaSize: {x: 1, y: 1}
  m_BounceIntensity: 1
  m_ColorTemperature: 6570
  m_UseColorTemperature: 0
  m_ShadowRadius: 0
  m_ShadowAngle: 0
--- !u!4 &170076735
Transform:
  m_ObjectHideFlags: 0
  m_CorrespondingSourceObject: {fileID: 0}
  m_PrefabInternal: {fileID: 0}
  m_GameObject: {fileID: 170076733}
  m_LocalRotation: {x: 0.40821788, y: -0.23456968, z: 0.10938163, w: 0.8754261}
  m_LocalPosition: {x: 0, y: 36.2, z: 0}
  m_LocalScale: {x: 1, y: 1, z: 1}
  m_Children: []
  m_Father: {fileID: 0}
  m_RootOrder: 0
  m_LocalEulerAnglesHint: {x: 50, y: -30, z: 0}
--- !u!1 &301735428 stripped
GameObject:
  m_CorrespondingSourceObject: {fileID: 100034, guid: 0014780d9afe3124e846367e68bc82f5,
    type: 3}
  m_PrefabInternal: {fileID: 317069910}
--- !u!114 &301735432
MonoBehaviour:
  m_ObjectHideFlags: 0
  m_CorrespondingSourceObject: {fileID: 0}
  m_PrefabInternal: {fileID: 0}
  m_GameObject: {fileID: 301735428}
  m_Enabled: 1
  m_EditorHideFlags: 0
  m_Script: {fileID: 11500000, guid: 389e6bf632cd5224fa58e75a04f9de03, type: 3}
  m_Name: 
  m_EditorClassIdentifier: 
  axis: 2
  rotationSpeed: 15
--- !u!1001 &317069910
Prefab:
  m_ObjectHideFlags: 0
  serializedVersion: 2
  m_Modification:
    m_TransformParent: {fileID: 0}
    m_Modifications:
    - target: {fileID: 400046, guid: 0014780d9afe3124e846367e68bc82f5, type: 3}
      propertyPath: m_LocalPosition.x
      value: -0.74
      objectReference: {fileID: 0}
    - target: {fileID: 400046, guid: 0014780d9afe3124e846367e68bc82f5, type: 3}
      propertyPath: m_LocalPosition.y
      value: 10.9
      objectReference: {fileID: 0}
    - target: {fileID: 400046, guid: 0014780d9afe3124e846367e68bc82f5, type: 3}
      propertyPath: m_LocalPosition.z
      value: 0.9
      objectReference: {fileID: 0}
    - target: {fileID: 400046, guid: 0014780d9afe3124e846367e68bc82f5, type: 3}
      propertyPath: m_LocalRotation.x
      value: 0
      objectReference: {fileID: 0}
    - target: {fileID: 400046, guid: 0014780d9afe3124e846367e68bc82f5, type: 3}
      propertyPath: m_LocalRotation.y
      value: -0
      objectReference: {fileID: 0}
    - target: {fileID: 400046, guid: 0014780d9afe3124e846367e68bc82f5, type: 3}
      propertyPath: m_LocalRotation.z
      value: -0
      objectReference: {fileID: 0}
    - target: {fileID: 400046, guid: 0014780d9afe3124e846367e68bc82f5, type: 3}
      propertyPath: m_LocalRotation.w
      value: 1
      objectReference: {fileID: 0}
    - target: {fileID: 400046, guid: 0014780d9afe3124e846367e68bc82f5, type: 3}
      propertyPath: m_RootOrder
      value: 4
      objectReference: {fileID: 0}
    - target: {fileID: 400046, guid: 0014780d9afe3124e846367e68bc82f5, type: 3}
      propertyPath: m_LocalScale.x
      value: 0.90019715
      objectReference: {fileID: 0}
    - target: {fileID: 400046, guid: 0014780d9afe3124e846367e68bc82f5, type: 3}
      propertyPath: m_LocalScale.y
      value: 1.1593009
      objectReference: {fileID: 0}
    - target: {fileID: 400046, guid: 0014780d9afe3124e846367e68bc82f5, type: 3}
      propertyPath: m_LocalScale.z
      value: 1.1593009
      objectReference: {fileID: 0}
    - target: {fileID: 2300000, guid: 0014780d9afe3124e846367e68bc82f5, type: 3}
      propertyPath: m_Materials.Array.data[1]
      value: 
      objectReference: {fileID: 2100000, guid: c2c078a9b07330e43a84cd60d71b0a47, type: 2}
    m_RemovedComponents:
    - {fileID: 6400044, guid: 0014780d9afe3124e846367e68bc82f5, type: 3}
    - {fileID: 6400042, guid: 0014780d9afe3124e846367e68bc82f5, type: 3}
    - {fileID: 6400040, guid: 0014780d9afe3124e846367e68bc82f5, type: 3}
    - {fileID: 6400038, guid: 0014780d9afe3124e846367e68bc82f5, type: 3}
    - {fileID: 6400036, guid: 0014780d9afe3124e846367e68bc82f5, type: 3}
    - {fileID: 6400034, guid: 0014780d9afe3124e846367e68bc82f5, type: 3}
    - {fileID: 6400032, guid: 0014780d9afe3124e846367e68bc82f5, type: 3}
    - {fileID: 6400030, guid: 0014780d9afe3124e846367e68bc82f5, type: 3}
    - {fileID: 6400028, guid: 0014780d9afe3124e846367e68bc82f5, type: 3}
    - {fileID: 6400026, guid: 0014780d9afe3124e846367e68bc82f5, type: 3}
    - {fileID: 6400024, guid: 0014780d9afe3124e846367e68bc82f5, type: 3}
    - {fileID: 6400022, guid: 0014780d9afe3124e846367e68bc82f5, type: 3}
    - {fileID: 6400020, guid: 0014780d9afe3124e846367e68bc82f5, type: 3}
    - {fileID: 6400018, guid: 0014780d9afe3124e846367e68bc82f5, type: 3}
    - {fileID: 6400016, guid: 0014780d9afe3124e846367e68bc82f5, type: 3}
    - {fileID: 6400014, guid: 0014780d9afe3124e846367e68bc82f5, type: 3}
    - {fileID: 6400012, guid: 0014780d9afe3124e846367e68bc82f5, type: 3}
    - {fileID: 6400010, guid: 0014780d9afe3124e846367e68bc82f5, type: 3}
    - {fileID: 6400008, guid: 0014780d9afe3124e846367e68bc82f5, type: 3}
    - {fileID: 6400002, guid: 0014780d9afe3124e846367e68bc82f5, type: 3}
  m_SourcePrefab: {fileID: 100100000, guid: 0014780d9afe3124e846367e68bc82f5, type: 3}
  m_IsPrefabAsset: 0
--- !u!1 &326995467 stripped
GameObject:
  m_CorrespondingSourceObject: {fileID: 100012, guid: 0014780d9afe3124e846367e68bc82f5,
    type: 3}
  m_PrefabInternal: {fileID: 317069910}
--- !u!114 &326995471
MonoBehaviour:
  m_ObjectHideFlags: 0
  m_CorrespondingSourceObject: {fileID: 0}
  m_PrefabInternal: {fileID: 0}
  m_GameObject: {fileID: 326995467}
  m_Enabled: 1
  m_EditorHideFlags: 0
  m_Script: {fileID: 11500000, guid: 389e6bf632cd5224fa58e75a04f9de03, type: 3}
  m_Name: 
  m_EditorClassIdentifier: 
  axis: 1
  rotationSpeed: 15
--- !u!1 &503918496 stripped
GameObject:
  m_CorrespondingSourceObject: {fileID: 100040, guid: 0014780d9afe3124e846367e68bc82f5,
    type: 3}
  m_PrefabInternal: {fileID: 317069910}
--- !u!114 &503918500
MonoBehaviour:
  m_ObjectHideFlags: 0
  m_CorrespondingSourceObject: {fileID: 0}
  m_PrefabInternal: {fileID: 0}
  m_GameObject: {fileID: 503918496}
  m_Enabled: 1
  m_EditorHideFlags: 0
  m_Script: {fileID: 11500000, guid: 389e6bf632cd5224fa58e75a04f9de03, type: 3}
  m_Name: 
  m_EditorClassIdentifier: 
  axis: 2
  rotationSpeed: 15
--- !u!1 &629455548
GameObject:
  m_ObjectHideFlags: 0
  m_CorrespondingSourceObject: {fileID: 0}
  m_PrefabInternal: {fileID: 0}
  serializedVersion: 6
  m_Component:
  - component: {fileID: 629455549}
  - component: {fileID: 629455551}
  - component: {fileID: 629455550}
  m_Layer: 5
  m_Name: Reticle
  m_TagString: Untagged
  m_Icon: {fileID: 0}
  m_NavMeshLayer: 0
  m_StaticEditorFlags: 0
  m_IsActive: 1
--- !u!224 &629455549
RectTransform:
  m_ObjectHideFlags: 0
  m_CorrespondingSourceObject: {fileID: 0}
  m_PrefabInternal: {fileID: 0}
  m_GameObject: {fileID: 629455548}
  m_LocalRotation: {x: 0, y: 0, z: 0, w: 1}
  m_LocalPosition: {x: 0, y: 0, z: 0}
  m_LocalScale: {x: 1, y: 1, z: 1}
  m_Children: []
  m_Father: {fileID: 937183289}
  m_RootOrder: 0
  m_LocalEulerAnglesHint: {x: 0, y: 0, z: 0}
  m_AnchorMin: {x: 0.5, y: 0.5}
  m_AnchorMax: {x: 0.5, y: 0.5}
  m_AnchoredPosition: {x: 0, y: 0}
  m_SizeDelta: {x: 75, y: 75}
  m_Pivot: {x: 0.5, y: 0.5}
--- !u!114 &629455550
MonoBehaviour:
  m_ObjectHideFlags: 0
  m_CorrespondingSourceObject: {fileID: 0}
  m_PrefabInternal: {fileID: 0}
  m_GameObject: {fileID: 629455548}
  m_Enabled: 1
  m_EditorHideFlags: 0
  m_Script: {fileID: -765806418, guid: f70555f144d8491a825f0804e09c671c, type: 3}
  m_Name: 
  m_EditorClassIdentifier: 
  m_Material: {fileID: 0}
  m_Color: {r: 1, g: 1, b: 1, a: 1}
  m_RaycastTarget: 1
  m_OnCullStateChanged:
    m_PersistentCalls:
      m_Calls: []
    m_TypeName: UnityEngine.UI.MaskableGraphic+CullStateChangedEvent, UnityEngine.UI,
      Version=1.0.0.0, Culture=neutral, PublicKeyToken=null
  m_Sprite: {fileID: 21300000, guid: 5a361c1f4ba92b94b81b361e5b9d9467, type: 3}
  m_Type: 0
  m_PreserveAspect: 0
  m_FillCenter: 1
  m_FillMethod: 4
  m_FillAmount: 1
  m_FillClockwise: 1
  m_FillOrigin: 0
--- !u!222 &629455551
CanvasRenderer:
  m_ObjectHideFlags: 0
  m_CorrespondingSourceObject: {fileID: 0}
  m_PrefabInternal: {fileID: 0}
  m_GameObject: {fileID: 629455548}
  m_CullTransparentMesh: 0
--- !u!1 &657112062 stripped
GameObject:
  m_CorrespondingSourceObject: {fileID: 100020, guid: 0014780d9afe3124e846367e68bc82f5,
    type: 3}
  m_PrefabInternal: {fileID: 317069910}
--- !u!114 &657112066
MonoBehaviour:
  m_ObjectHideFlags: 0
  m_CorrespondingSourceObject: {fileID: 0}
  m_PrefabInternal: {fileID: 0}
  m_GameObject: {fileID: 657112062}
  m_Enabled: 1
  m_EditorHideFlags: 0
  m_Script: {fileID: 11500000, guid: 389e6bf632cd5224fa58e75a04f9de03, type: 3}
  m_Name: 
  m_EditorClassIdentifier: 
  axis: 2
  rotationSpeed: 15
--- !u!1 &688758114 stripped
GameObject:
  m_CorrespondingSourceObject: {fileID: 100018, guid: 0014780d9afe3124e846367e68bc82f5,
    type: 3}
  m_PrefabInternal: {fileID: 317069910}
--- !u!114 &688758118
MonoBehaviour:
  m_ObjectHideFlags: 0
  m_CorrespondingSourceObject: {fileID: 0}
  m_PrefabInternal: {fileID: 0}
  m_GameObject: {fileID: 688758114}
  m_Enabled: 1
  m_EditorHideFlags: 0
  m_Script: {fileID: 11500000, guid: 389e6bf632cd5224fa58e75a04f9de03, type: 3}
  m_Name: 
  m_EditorClassIdentifier: 
  axis: 1
  rotationSpeed: 15
--- !u!1 &744303722
GameObject:
  m_ObjectHideFlags: 0
  m_CorrespondingSourceObject: {fileID: 0}
  m_PrefabInternal: {fileID: 0}
  serializedVersion: 6
  m_Component:
  - component: {fileID: 744303725}
  - component: {fileID: 744303724}
  - component: {fileID: 744303723}
  m_Layer: 0
  m_Name: EventSystem
  m_TagString: Untagged
  m_Icon: {fileID: 0}
  m_NavMeshLayer: 0
  m_StaticEditorFlags: 0
  m_IsActive: 1
--- !u!114 &744303723
MonoBehaviour:
  m_ObjectHideFlags: 0
  m_CorrespondingSourceObject: {fileID: 0}
  m_PrefabInternal: {fileID: 0}
  m_GameObject: {fileID: 744303722}
  m_Enabled: 1
  m_EditorHideFlags: 0
  m_Script: {fileID: 1077351063, guid: f70555f144d8491a825f0804e09c671c, type: 3}
  m_Name: 
  m_EditorClassIdentifier: 
  m_HorizontalAxis: Horizontal
  m_VerticalAxis: Vertical
  m_SubmitButton: Submit
  m_CancelButton: Cancel
  m_InputActionsPerSecond: 10
  m_RepeatDelay: 0.5
  m_ForceModuleActive: 0
--- !u!114 &744303724
MonoBehaviour:
  m_ObjectHideFlags: 0
  m_CorrespondingSourceObject: {fileID: 0}
  m_PrefabInternal: {fileID: 0}
  m_GameObject: {fileID: 744303722}
  m_Enabled: 1
  m_EditorHideFlags: 0
  m_Script: {fileID: -619905303, guid: f70555f144d8491a825f0804e09c671c, type: 3}
  m_Name: 
  m_EditorClassIdentifier: 
  m_FirstSelected: {fileID: 0}
  m_sendNavigationEvents: 1
  m_DragThreshold: 10
--- !u!4 &744303725
Transform:
  m_ObjectHideFlags: 0
  m_CorrespondingSourceObject: {fileID: 0}
  m_PrefabInternal: {fileID: 0}
  m_GameObject: {fileID: 744303722}
  m_LocalRotation: {x: 0, y: 0, z: 0, w: 1}
  m_LocalPosition: {x: 0, y: 0, z: 0}
  m_LocalScale: {x: 1, y: 1, z: 1}
  m_Children: []
  m_Father: {fileID: 0}
  m_RootOrder: 10
  m_LocalEulerAnglesHint: {x: 0, y: 0, z: 0}
--- !u!1 &804255752 stripped
GameObject:
  m_CorrespondingSourceObject: {fileID: 100030, guid: 0014780d9afe3124e846367e68bc82f5,
    type: 3}
  m_PrefabInternal: {fileID: 317069910}
--- !u!114 &804255756
MonoBehaviour:
  m_ObjectHideFlags: 0
  m_CorrespondingSourceObject: {fileID: 0}
  m_PrefabInternal: {fileID: 0}
  m_GameObject: {fileID: 804255752}
  m_Enabled: 1
  m_EditorHideFlags: 0
  m_Script: {fileID: 11500000, guid: 389e6bf632cd5224fa58e75a04f9de03, type: 3}
  m_Name: 
  m_EditorClassIdentifier: 
  axis: 0
  rotationSpeed: 15
--- !u!1 &937183285
GameObject:
  m_ObjectHideFlags: 0
  m_CorrespondingSourceObject: {fileID: 0}
  m_PrefabInternal: {fileID: 0}
  serializedVersion: 6
  m_Component:
  - component: {fileID: 937183289}
  - component: {fileID: 937183288}
  - component: {fileID: 937183287}
  - component: {fileID: 937183286}
  m_Layer: 5
  m_Name: Canvas
  m_TagString: Untagged
  m_Icon: {fileID: 0}
  m_NavMeshLayer: 0
  m_StaticEditorFlags: 0
  m_IsActive: 1
--- !u!114 &937183286
MonoBehaviour:
  m_ObjectHideFlags: 0
  m_CorrespondingSourceObject: {fileID: 0}
  m_PrefabInternal: {fileID: 0}
  m_GameObject: {fileID: 937183285}
  m_Enabled: 1
  m_EditorHideFlags: 0
  m_Script: {fileID: 1301386320, guid: f70555f144d8491a825f0804e09c671c, type: 3}
  m_Name: 
  m_EditorClassIdentifier: 
  m_IgnoreReversedGraphics: 1
  m_BlockingObjects: 0
  m_BlockingMask:
    serializedVersion: 2
    m_Bits: 4294967295
--- !u!114 &937183287
MonoBehaviour:
  m_ObjectHideFlags: 0
  m_CorrespondingSourceObject: {fileID: 0}
  m_PrefabInternal: {fileID: 0}
  m_GameObject: {fileID: 937183285}
  m_Enabled: 1
  m_EditorHideFlags: 0
  m_Script: {fileID: 1980459831, guid: f70555f144d8491a825f0804e09c671c, type: 3}
  m_Name: 
  m_EditorClassIdentifier: 
  m_UiScaleMode: 1
  m_ReferencePixelsPerUnit: 100
  m_ScaleFactor: 1
  m_ReferenceResolution: {x: 1920, y: 1080}
  m_ScreenMatchMode: 0
  m_MatchWidthOrHeight: 0
  m_PhysicalUnit: 3
  m_FallbackScreenDPI: 96
  m_DefaultSpriteDPI: 96
  m_DynamicPixelsPerUnit: 1
--- !u!223 &937183288
Canvas:
  m_ObjectHideFlags: 0
  m_CorrespondingSourceObject: {fileID: 0}
  m_PrefabInternal: {fileID: 0}
  m_GameObject: {fileID: 937183285}
  m_Enabled: 1
  serializedVersion: 3
  m_RenderMode: 0
  m_Camera: {fileID: 0}
  m_PlaneDistance: 100
  m_PixelPerfect: 0
  m_ReceivesEvents: 1
  m_OverrideSorting: 0
  m_OverridePixelPerfect: 0
  m_SortingBucketNormalizedSize: 0
  m_AdditionalShaderChannelsFlag: 0
  m_SortingLayerID: 0
  m_SortingOrder: 0
  m_TargetDisplay: 0
--- !u!224 &937183289
RectTransform:
  m_ObjectHideFlags: 0
  m_CorrespondingSourceObject: {fileID: 0}
  m_PrefabInternal: {fileID: 0}
  m_GameObject: {fileID: 937183285}
  m_LocalRotation: {x: 0, y: 0, z: 0, w: 1}
  m_LocalPosition: {x: 0, y: 0, z: 0}
  m_LocalScale: {x: 0, y: 0, z: 0}
  m_Children:
  - {fileID: 629455549}
  m_Father: {fileID: 0}
  m_RootOrder: 9
  m_LocalEulerAnglesHint: {x: 0, y: 0, z: 0}
  m_AnchorMin: {x: 0, y: 0}
  m_AnchorMax: {x: 0, y: 0}
  m_AnchoredPosition: {x: 0, y: 0}
  m_SizeDelta: {x: 0, y: 0}
  m_Pivot: {x: 0, y: 0}
--- !u!1 &952930020 stripped
GameObject:
  m_CorrespondingSourceObject: {fileID: 100042, guid: 0014780d9afe3124e846367e68bc82f5,
    type: 3}
  m_PrefabInternal: {fileID: 317069910}
--- !u!114 &952930024
MonoBehaviour:
  m_ObjectHideFlags: 0
  m_CorrespondingSourceObject: {fileID: 0}
  m_PrefabInternal: {fileID: 0}
  m_GameObject: {fileID: 952930020}
  m_Enabled: 1
  m_EditorHideFlags: 0
  m_Script: {fileID: 11500000, guid: 389e6bf632cd5224fa58e75a04f9de03, type: 3}
  m_Name: 
  m_EditorClassIdentifier: 
  axis: 0
  rotationSpeed: 15
--- !u!1 &989236194 stripped
GameObject:
  m_CorrespondingSourceObject: {fileID: 100028, guid: 0014780d9afe3124e846367e68bc82f5,
    type: 3}
  m_PrefabInternal: {fileID: 317069910}
--- !u!114 &989236198
MonoBehaviour:
  m_ObjectHideFlags: 0
  m_CorrespondingSourceObject: {fileID: 0}
  m_PrefabInternal: {fileID: 0}
  m_GameObject: {fileID: 989236194}
  m_Enabled: 1
  m_EditorHideFlags: 0
  m_Script: {fileID: 11500000, guid: 389e6bf632cd5224fa58e75a04f9de03, type: 3}
  m_Name: 
  m_EditorClassIdentifier: 
  axis: 2
  rotationSpeed: 15
--- !u!1001 &1028252112
Prefab:
  m_ObjectHideFlags: 0
  serializedVersion: 2
  m_Modification:
    m_TransformParent: {fileID: 0}
    m_Modifications:
    - target: {fileID: 400002, guid: 88d98e3bce306724191d09a413398994, type: 3}
      propertyPath: m_LocalPosition.x
      value: -14.01
      objectReference: {fileID: 0}
    - target: {fileID: 400002, guid: 88d98e3bce306724191d09a413398994, type: 3}
      propertyPath: m_LocalPosition.y
      value: 0.49058
      objectReference: {fileID: 0}
    - target: {fileID: 400002, guid: 88d98e3bce306724191d09a413398994, type: 3}
      propertyPath: m_LocalPosition.z
      value: 0.81956
      objectReference: {fileID: 0}
    - target: {fileID: 400002, guid: 88d98e3bce306724191d09a413398994, type: 3}
      propertyPath: m_LocalRotation.x
      value: 0
      objectReference: {fileID: 0}
    - target: {fileID: 400002, guid: 88d98e3bce306724191d09a413398994, type: 3}
      propertyPath: m_LocalRotation.y
      value: -0
      objectReference: {fileID: 0}
    - target: {fileID: 400002, guid: 88d98e3bce306724191d09a413398994, type: 3}
      propertyPath: m_LocalRotation.z
      value: -0
      objectReference: {fileID: 0}
    - target: {fileID: 400002, guid: 88d98e3bce306724191d09a413398994, type: 3}
      propertyPath: m_LocalRotation.w
      value: 1
      objectReference: {fileID: 0}
    - target: {fileID: 400002, guid: 88d98e3bce306724191d09a413398994, type: 3}
      propertyPath: m_RootOrder
      value: 3
      objectReference: {fileID: 0}
    - target: {fileID: 100002, guid: 88d98e3bce306724191d09a413398994, type: 3}
      propertyPath: m_Name
      value: globe (1)
      objectReference: {fileID: 0}
    - target: {fileID: 400002, guid: 88d98e3bce306724191d09a413398994, type: 3}
      propertyPath: m_LocalScale.x
      value: 0.21395129
      objectReference: {fileID: 0}
    - target: {fileID: 400002, guid: 88d98e3bce306724191d09a413398994, type: 3}
      propertyPath: m_LocalScale.y
      value: 0.21395129
      objectReference: {fileID: 0}
    - target: {fileID: 400002, guid: 88d98e3bce306724191d09a413398994, type: 3}
      propertyPath: m_LocalScale.z
      value: 0.21395129
      objectReference: {fileID: 0}
    - target: {fileID: 100004, guid: 88d98e3bce306724191d09a413398994, type: 3}
      propertyPath: m_Layer
      value: 10
      objectReference: {fileID: 0}
    m_RemovedComponents: []
  m_SourcePrefab: {fileID: 100100000, guid: 88d98e3bce306724191d09a413398994, type: 3}
  m_IsPrefabAsset: 0
--- !u!1 &1063545163 stripped
GameObject:
  m_CorrespondingSourceObject: {fileID: 100016, guid: 0014780d9afe3124e846367e68bc82f5,
    type: 3}
  m_PrefabInternal: {fileID: 317069910}
--- !u!114 &1063545167
MonoBehaviour:
  m_ObjectHideFlags: 0
  m_CorrespondingSourceObject: {fileID: 0}
  m_PrefabInternal: {fileID: 0}
  m_GameObject: {fileID: 1063545163}
  m_Enabled: 1
  m_EditorHideFlags: 0
  m_Script: {fileID: 11500000, guid: 389e6bf632cd5224fa58e75a04f9de03, type: 3}
  m_Name: 
  m_EditorClassIdentifier: 
  axis: 0
  rotationSpeed: 15
--- !u!1 &1064104044
GameObject:
  m_ObjectHideFlags: 0
  m_CorrespondingSourceObject: {fileID: 0}
  m_PrefabInternal: {fileID: 0}
  serializedVersion: 6
  m_Component:
  - component: {fileID: 1064104048}
  - component: {fileID: 1064104047}
  - component: {fileID: 1064104046}
  - component: {fileID: 1064104045}
  - component: {fileID: 1064104049}
  - component: {fileID: 1064104050}
  m_Layer: 9
  m_Name: Sphere
  m_TagString: Untagged
  m_Icon: {fileID: 0}
  m_NavMeshLayer: 0
  m_StaticEditorFlags: 0
  m_IsActive: 1
--- !u!135 &1064104045
SphereCollider:
  m_ObjectHideFlags: 0
  m_CorrespondingSourceObject: {fileID: 0}
  m_PrefabInternal: {fileID: 0}
  m_GameObject: {fileID: 1064104044}
  m_Material: {fileID: 0}
  m_IsTrigger: 0
  m_Enabled: 1
  serializedVersion: 2
  m_Radius: 0.5
  m_Center: {x: 0, y: 0, z: 0}
--- !u!23 &1064104046
MeshRenderer:
  m_ObjectHideFlags: 0
  m_CorrespondingSourceObject: {fileID: 0}
  m_PrefabInternal: {fileID: 0}
  m_GameObject: {fileID: 1064104044}
  m_Enabled: 1
  m_CastShadows: 1
  m_ReceiveShadows: 1
  m_DynamicOccludee: 1
  m_MotionVectors: 1
  m_LightProbeUsage: 1
  m_ReflectionProbeUsage: 1
  m_RenderingLayerMask: 4294967295
  m_Materials:
  - {fileID: 10303, guid: 0000000000000000f000000000000000, type: 0}
  m_StaticBatchInfo:
    firstSubMesh: 0
    subMeshCount: 0
  m_StaticBatchRoot: {fileID: 0}
  m_ProbeAnchor: {fileID: 0}
  m_LightProbeVolumeOverride: {fileID: 0}
  m_ScaleInLightmap: 1
  m_PreserveUVs: 0
  m_IgnoreNormalsForChartDetection: 0
  m_ImportantGI: 0
  m_StitchLightmapSeams: 0
  m_SelectedEditorRenderState: 3
  m_MinimumChartSize: 4
  m_AutoUVMaxDistance: 0.5
  m_AutoUVMaxAngle: 89
  m_LightmapParameters: {fileID: 0}
  m_SortingLayerID: 0
  m_SortingLayer: 0
  m_SortingOrder: 0
--- !u!33 &1064104047
MeshFilter:
  m_ObjectHideFlags: 0
  m_CorrespondingSourceObject: {fileID: 0}
  m_PrefabInternal: {fileID: 0}
  m_GameObject: {fileID: 1064104044}
  m_Mesh: {fileID: 10207, guid: 0000000000000000e000000000000000, type: 0}
--- !u!4 &1064104048
Transform:
  m_ObjectHideFlags: 0
  m_CorrespondingSourceObject: {fileID: 0}
  m_PrefabInternal: {fileID: 0}
  m_GameObject: {fileID: 1064104044}
  m_LocalRotation: {x: 0, y: 0, z: 0, w: 1}
  m_LocalPosition: {x: 9.8, y: 0.923, z: 0.46000004}
  m_LocalScale: {x: 0.72659546, y: 0.72659546, z: 0.72659546}
  m_Children: []
  m_Father: {fileID: 0}
  m_RootOrder: 8
  m_LocalEulerAnglesHint: {x: 0, y: 0, z: 0}
--- !u!54 &1064104049
Rigidbody:
  m_ObjectHideFlags: 0
  m_CorrespondingSourceObject: {fileID: 0}
  m_PrefabInternal: {fileID: 0}
  m_GameObject: {fileID: 1064104044}
  serializedVersion: 2
  m_Mass: 1
  m_Drag: 0
  m_AngularDrag: 0.05
  m_UseGravity: 1
  m_IsKinematic: 0
  m_Interpolate: 0
  m_Constraints: 0
  m_CollisionDetection: 0
--- !u!114 &1064104050
MonoBehaviour:
  m_ObjectHideFlags: 0
  m_CorrespondingSourceObject: {fileID: 0}
  m_PrefabInternal: {fileID: 0}
  m_GameObject: {fileID: 1064104044}
  m_Enabled: 1
  m_EditorHideFlags: 0
  m_Script: {fileID: 11500000, guid: d0bce54e2882a8d40b2abbfa59f861f0, type: 3}
  m_Name: 
  m_EditorClassIdentifier: 
--- !u!1 &1127339057
GameObject:
  m_ObjectHideFlags: 0
  m_CorrespondingSourceObject: {fileID: 0}
  m_PrefabInternal: {fileID: 0}
  serializedVersion: 6
  m_Component:
  - component: {fileID: 1127339062}
  - component: {fileID: 1127339061}
  - component: {fileID: 1127339060}
  - component: {fileID: 1127339059}
  - component: {fileID: 1127339058}
  - component: {fileID: 1127339063}
  m_Layer: 9
  m_Name: Cube
  m_TagString: Untagged
  m_Icon: {fileID: 0}
  m_NavMeshLayer: 0
  m_StaticEditorFlags: 0
  m_IsActive: 1
--- !u!54 &1127339058
Rigidbody:
  m_ObjectHideFlags: 0
  m_CorrespondingSourceObject: {fileID: 0}
  m_PrefabInternal: {fileID: 0}
  m_GameObject: {fileID: 1127339057}
  serializedVersion: 2
  m_Mass: 1
  m_Drag: 0
  m_AngularDrag: 0.05
  m_UseGravity: 1
  m_IsKinematic: 0
  m_Interpolate: 0
  m_Constraints: 0
  m_CollisionDetection: 0
--- !u!65 &1127339059
BoxCollider:
  m_ObjectHideFlags: 0
  m_CorrespondingSourceObject: {fileID: 0}
  m_PrefabInternal: {fileID: 0}
  m_GameObject: {fileID: 1127339057}
  m_Material: {fileID: 0}
  m_IsTrigger: 0
  m_Enabled: 1
  serializedVersion: 2
  m_Size: {x: 1, y: 1, z: 1}
  m_Center: {x: 0, y: 0, z: 0}
--- !u!23 &1127339060
MeshRenderer:
  m_ObjectHideFlags: 0
  m_CorrespondingSourceObject: {fileID: 0}
  m_PrefabInternal: {fileID: 0}
  m_GameObject: {fileID: 1127339057}
  m_Enabled: 1
  m_CastShadows: 1
  m_ReceiveShadows: 1
  m_DynamicOccludee: 1
  m_MotionVectors: 1
  m_LightProbeUsage: 1
  m_ReflectionProbeUsage: 1
  m_RenderingLayerMask: 4294967295
  m_Materials:
  - {fileID: 2100000, guid: 111f2a15c9d2d694c84c1003e2cd2b2c, type: 2}
  m_StaticBatchInfo:
    firstSubMesh: 0
    subMeshCount: 0
  m_StaticBatchRoot: {fileID: 0}
  m_ProbeAnchor: {fileID: 0}
  m_LightProbeVolumeOverride: {fileID: 0}
  m_ScaleInLightmap: 1
  m_PreserveUVs: 0
  m_IgnoreNormalsForChartDetection: 0
  m_ImportantGI: 0
  m_StitchLightmapSeams: 0
  m_SelectedEditorRenderState: 3
  m_MinimumChartSize: 4
  m_AutoUVMaxDistance: 0.5
  m_AutoUVMaxAngle: 89
  m_LightmapParameters: {fileID: 0}
  m_SortingLayerID: 0
  m_SortingLayer: 0
  m_SortingOrder: 0
--- !u!33 &1127339061
MeshFilter:
  m_ObjectHideFlags: 0
  m_CorrespondingSourceObject: {fileID: 0}
  m_PrefabInternal: {fileID: 0}
  m_GameObject: {fileID: 1127339057}
  m_Mesh: {fileID: 10202, guid: 0000000000000000e000000000000000, type: 0}
--- !u!4 &1127339062
Transform:
  m_ObjectHideFlags: 0
  m_CorrespondingSourceObject: {fileID: 0}
  m_PrefabInternal: {fileID: 0}
  m_GameObject: {fileID: 1127339057}
  m_LocalRotation: {x: 0, y: 0, z: 0, w: 1}
  m_LocalPosition: {x: 8.660001, y: 1.18, z: 0.120000124}
  m_LocalScale: {x: 0.52549225, y: 0.52549225, z: 0.52549225}
  m_Children: []
  m_Father: {fileID: 0}
  m_RootOrder: 6
  m_LocalEulerAnglesHint: {x: 0, y: 0, z: 0}
--- !u!114 &1127339063
MonoBehaviour:
  m_ObjectHideFlags: 0
  m_CorrespondingSourceObject: {fileID: 0}
  m_PrefabInternal: {fileID: 0}
  m_GameObject: {fileID: 1127339057}
  m_Enabled: 1
  m_EditorHideFlags: 0
  m_Script: {fileID: 11500000, guid: d0bce54e2882a8d40b2abbfa59f861f0, type: 3}
  m_Name: 
  m_EditorClassIdentifier: 
--- !u!1 &1189042100 stripped
GameObject:
  m_CorrespondingSourceObject: {fileID: 100032, guid: 0014780d9afe3124e846367e68bc82f5,
    type: 3}
  m_PrefabInternal: {fileID: 317069910}
--- !u!114 &1189042104
MonoBehaviour:
  m_ObjectHideFlags: 0
  m_CorrespondingSourceObject: {fileID: 0}
  m_PrefabInternal: {fileID: 0}
  m_GameObject: {fileID: 1189042100}
  m_Enabled: 1
  m_EditorHideFlags: 0
  m_Script: {fileID: 11500000, guid: 389e6bf632cd5224fa58e75a04f9de03, type: 3}
  m_Name: 
  m_EditorClassIdentifier: 
  axis: 1
  rotationSpeed: 15
--- !u!1 &1257042474 stripped
GameObject:
  m_CorrespondingSourceObject: {fileID: 100044, guid: 0014780d9afe3124e846367e68bc82f5,
    type: 3}
  m_PrefabInternal: {fileID: 317069910}
--- !u!114 &1257042478
MonoBehaviour:
  m_ObjectHideFlags: 0
  m_CorrespondingSourceObject: {fileID: 0}
  m_PrefabInternal: {fileID: 0}
  m_GameObject: {fileID: 1257042474}
  m_Enabled: 1
  m_EditorHideFlags: 0
  m_Script: {fileID: 11500000, guid: 389e6bf632cd5224fa58e75a04f9de03, type: 3}
  m_Name: 
  m_EditorClassIdentifier: 
  axis: 2
  rotationSpeed: 15
--- !u!1 &1267449478 stripped
GameObject:
  m_CorrespondingSourceObject: {fileID: 100026, guid: 0014780d9afe3124e846367e68bc82f5,
    type: 3}
  m_PrefabInternal: {fileID: 317069910}
--- !u!114 &1267449482
MonoBehaviour:
  m_ObjectHideFlags: 0
  m_CorrespondingSourceObject: {fileID: 0}
  m_PrefabInternal: {fileID: 0}
  m_GameObject: {fileID: 1267449478}
  m_Enabled: 1
  m_EditorHideFlags: 0
  m_Script: {fileID: 11500000, guid: 389e6bf632cd5224fa58e75a04f9de03, type: 3}
  m_Name: 
  m_EditorClassIdentifier: 
  axis: 1
  rotationSpeed: 15
--- !u!1 &1302004477 stripped
GameObject:
  m_CorrespondingSourceObject: {fileID: 100036, guid: 0014780d9afe3124e846367e68bc82f5,
    type: 3}
  m_PrefabInternal: {fileID: 317069910}
--- !u!114 &1302004481
MonoBehaviour:
  m_ObjectHideFlags: 0
  m_CorrespondingSourceObject: {fileID: 0}
  m_PrefabInternal: {fileID: 0}
  m_GameObject: {fileID: 1302004477}
  m_Enabled: 1
  m_EditorHideFlags: 0
  m_Script: {fileID: 11500000, guid: 389e6bf632cd5224fa58e75a04f9de03, type: 3}
  m_Name: 
  m_EditorClassIdentifier: 
  axis: 0
  rotationSpeed: 15
--- !u!1 &1457448843 stripped
GameObject:
  m_CorrespondingSourceObject: {fileID: 100010, guid: 0014780d9afe3124e846367e68bc82f5,
    type: 3}
  m_PrefabInternal: {fileID: 317069910}
--- !u!114 &1457448847
MonoBehaviour:
  m_ObjectHideFlags: 0
  m_CorrespondingSourceObject: {fileID: 0}
  m_PrefabInternal: {fileID: 0}
  m_GameObject: {fileID: 1457448843}
  m_Enabled: 1
  m_EditorHideFlags: 0
  m_Script: {fileID: 11500000, guid: 389e6bf632cd5224fa58e75a04f9de03, type: 3}
  m_Name: 
  m_EditorClassIdentifier: 
  axis: 0
  rotationSpeed: 15
--- !u!1 &1589265392
GameObject:
  m_ObjectHideFlags: 0
  m_CorrespondingSourceObject: {fileID: 0}
  m_PrefabInternal: {fileID: 0}
  serializedVersion: 6
  m_Component:
  - component: {fileID: 1589265397}
  - component: {fileID: 1589265396}
  - component: {fileID: 1589265395}
  - component: {fileID: 1589265394}
  - component: {fileID: 1589265393}
  - component: {fileID: 1589265398}
  m_Layer: 9
  m_Name: Cube (1)
  m_TagString: Untagged
  m_Icon: {fileID: 0}
  m_NavMeshLayer: 0
  m_StaticEditorFlags: 0
  m_IsActive: 1
--- !u!54 &1589265393
Rigidbody:
  m_ObjectHideFlags: 0
  m_CorrespondingSourceObject: {fileID: 0}
  m_PrefabInternal: {fileID: 0}
  m_GameObject: {fileID: 1589265392}
  serializedVersion: 2
  m_Mass: 1
  m_Drag: 0
  m_AngularDrag: 0.05
  m_UseGravity: 1
  m_IsKinematic: 0
  m_Interpolate: 0
  m_Constraints: 0
  m_CollisionDetection: 0
--- !u!65 &1589265394
BoxCollider:
  m_ObjectHideFlags: 0
  m_CorrespondingSourceObject: {fileID: 0}
  m_PrefabInternal: {fileID: 0}
  m_GameObject: {fileID: 1589265392}
  m_Material: {fileID: 0}
  m_IsTrigger: 0
  m_Enabled: 1
  serializedVersion: 2
  m_Size: {x: 1, y: 1, z: 1}
  m_Center: {x: 0, y: 0, z: 0}
--- !u!23 &1589265395
MeshRenderer:
  m_ObjectHideFlags: 0
  m_CorrespondingSourceObject: {fileID: 0}
  m_PrefabInternal: {fileID: 0}
  m_GameObject: {fileID: 1589265392}
  m_Enabled: 1
  m_CastShadows: 1
  m_ReceiveShadows: 1
  m_DynamicOccludee: 1
  m_MotionVectors: 1
  m_LightProbeUsage: 1
  m_ReflectionProbeUsage: 1
  m_RenderingLayerMask: 4294967295
  m_Materials:
  - {fileID: 2100000, guid: 6c9a619ae2d3d754f95a15edef58877a, type: 2}
  m_StaticBatchInfo:
    firstSubMesh: 0
    subMeshCount: 0
  m_StaticBatchRoot: {fileID: 0}
  m_ProbeAnchor: {fileID: 0}
  m_LightProbeVolumeOverride: {fileID: 0}
  m_ScaleInLightmap: 1
  m_PreserveUVs: 0
  m_IgnoreNormalsForChartDetection: 0
  m_ImportantGI: 0
  m_StitchLightmapSeams: 0
  m_SelectedEditorRenderState: 3
  m_MinimumChartSize: 4
  m_AutoUVMaxDistance: 0.5
  m_AutoUVMaxAngle: 89
  m_LightmapParameters: {fileID: 0}
  m_SortingLayerID: 0
  m_SortingLayer: 0
  m_SortingOrder: 0
--- !u!33 &1589265396
MeshFilter:
  m_ObjectHideFlags: 0
  m_CorrespondingSourceObject: {fileID: 0}
  m_PrefabInternal: {fileID: 0}
  m_GameObject: {fileID: 1589265392}
  m_Mesh: {fileID: 10202, guid: 0000000000000000e000000000000000, type: 0}
--- !u!4 &1589265397
Transform:
  m_ObjectHideFlags: 0
  m_CorrespondingSourceObject: {fileID: 0}
  m_PrefabInternal: {fileID: 0}
  m_GameObject: {fileID: 1589265392}
  m_LocalRotation: {x: 0.06584752, y: 0.56829953, z: -0.26823375, w: 0.775081}
  m_LocalPosition: {x: 8.660001, y: 2.036, z: 0.120000154}
  m_LocalScale: {x: 0.48170775, y: 0.48170763, z: 0.48170772}
  m_Children: []
  m_Father: {fileID: 0}
  m_RootOrder: 7
  m_LocalEulerAnglesHint: {x: 24.013, y: 67.782005, z: -21.917002}
--- !u!114 &1589265398
MonoBehaviour:
  m_ObjectHideFlags: 0
  m_CorrespondingSourceObject: {fileID: 0}
  m_PrefabInternal: {fileID: 0}
  m_GameObject: {fileID: 1589265392}
  m_Enabled: 1
  m_EditorHideFlags: 0
  m_Script: {fileID: 11500000, guid: d0bce54e2882a8d40b2abbfa59f861f0, type: 3}
  m_Name: 
  m_EditorClassIdentifier: 
--- !u!1 &1635396753 stripped
GameObject:
  m_CorrespondingSourceObject: {fileID: 100014, guid: 0014780d9afe3124e846367e68bc82f5,
    type: 3}
  m_PrefabInternal: {fileID: 317069910}
--- !u!114 &1635396757
MonoBehaviour:
  m_ObjectHideFlags: 0
  m_CorrespondingSourceObject: {fileID: 0}
  m_PrefabInternal: {fileID: 0}
  m_GameObject: {fileID: 1635396753}
  m_Enabled: 1
  m_EditorHideFlags: 0
  m_Script: {fileID: 11500000, guid: 389e6bf632cd5224fa58e75a04f9de03, type: 3}
  m_Name: 
  m_EditorClassIdentifier: 
  axis: 2
  rotationSpeed: 15
--- !u!1 &1670726989
GameObject:
  m_ObjectHideFlags: 0
  m_CorrespondingSourceObject: {fileID: 0}
  m_PrefabInternal: {fileID: 0}
  serializedVersion: 6
  m_Component:
  - component: {fileID: 1670726991}
  - component: {fileID: 1670726990}
  m_Layer: 0
  m_Name: MenuManager
  m_TagString: Untagged
  m_Icon: {fileID: 0}
  m_NavMeshLayer: 0
  m_StaticEditorFlags: 0
  m_IsActive: 1
--- !u!114 &1670726990
MonoBehaviour:
  m_ObjectHideFlags: 0
  m_CorrespondingSourceObject: {fileID: 0}
  m_PrefabInternal: {fileID: 0}
  m_GameObject: {fileID: 1670726989}
  m_Enabled: 1
  m_EditorHideFlags: 0
  m_Script: {fileID: 11500000, guid: d0aa699baa0c6b04f837bd0601760f3e, type: 3}
  m_Name: 
  m_EditorClassIdentifier: 
  gameisPaused: 0
--- !u!4 &1670726991
Transform:
  m_ObjectHideFlags: 0
  m_CorrespondingSourceObject: {fileID: 0}
  m_PrefabInternal: {fileID: 0}
  m_GameObject: {fileID: 1670726989}
  m_LocalRotation: {x: 0, y: 0, z: 0, w: 1}
  m_LocalPosition: {x: -2.9533553, y: 1.1793602, z: 3.54382}
  m_LocalScale: {x: 1, y: 1, z: 1}
  m_Children: []
  m_Father: {fileID: 0}
  m_RootOrder: 11
  m_LocalEulerAnglesHint: {x: 0, y: 0, z: 0}
--- !u!1001 &1721306530
Prefab:
  m_ObjectHideFlags: 0
  serializedVersion: 2
  m_Modification:
    m_TransformParent: {fileID: 0}
    m_Modifications:
    - target: {fileID: 400000, guid: e4f855c5b30666743b61d5de99e8e9ef, type: 3}
      propertyPath: m_LocalPosition.x
      value: -0.35
      objectReference: {fileID: 0}
    - target: {fileID: 400000, guid: e4f855c5b30666743b61d5de99e8e9ef, type: 3}
      propertyPath: m_LocalPosition.y
      value: -0.32028
      objectReference: {fileID: 0}
    - target: {fileID: 400000, guid: e4f855c5b30666743b61d5de99e8e9ef, type: 3}
      propertyPath: m_LocalPosition.z
      value: 0.91068
      objectReference: {fileID: 0}
    - target: {fileID: 400000, guid: e4f855c5b30666743b61d5de99e8e9ef, type: 3}
      propertyPath: m_LocalRotation.x
      value: 0
      objectReference: {fileID: 0}
    - target: {fileID: 400000, guid: e4f855c5b30666743b61d5de99e8e9ef, type: 3}
      propertyPath: m_LocalRotation.y
      value: -0
      objectReference: {fileID: 0}
    - target: {fileID: 400000, guid: e4f855c5b30666743b61d5de99e8e9ef, type: 3}
      propertyPath: m_LocalRotation.z
      value: -0
      objectReference: {fileID: 0}
    - target: {fileID: 400000, guid: e4f855c5b30666743b61d5de99e8e9ef, type: 3}
      propertyPath: m_LocalRotation.w
      value: 1
      objectReference: {fileID: 0}
    - target: {fileID: 400000, guid: e4f855c5b30666743b61d5de99e8e9ef, type: 3}
      propertyPath: m_RootOrder
      value: 2
      objectReference: {fileID: 0}
    - target: {fileID: 400000, guid: e4f855c5b30666743b61d5de99e8e9ef, type: 3}
      propertyPath: m_LocalScale.x
      value: 1.3856871
      objectReference: {fileID: 0}
    - target: {fileID: 400000, guid: e4f855c5b30666743b61d5de99e8e9ef, type: 3}
      propertyPath: m_LocalScale.y
      value: 0.25729102
      objectReference: {fileID: 0}
    - target: {fileID: 400000, guid: e4f855c5b30666743b61d5de99e8e9ef, type: 3}
      propertyPath: m_LocalScale.z
      value: 1.3856871
      objectReference: {fileID: 0}
    m_RemovedComponents: []
  m_SourcePrefab: {fileID: 100100000, guid: e4f855c5b30666743b61d5de99e8e9ef, type: 3}
  m_IsPrefabAsset: 0
--- !u!1001 &1822636756
Prefab:
  m_ObjectHideFlags: 0
  serializedVersion: 2
  m_Modification:
    m_TransformParent: {fileID: 0}
    m_Modifications:
    - target: {fileID: 400000, guid: b06fe341ec4139e4a95092edb86c7f4d, type: 3}
      propertyPath: m_LocalPosition.x
      value: -0.34
      objectReference: {fileID: 0}
    - target: {fileID: 400000, guid: b06fe341ec4139e4a95092edb86c7f4d, type: 3}
      propertyPath: m_LocalPosition.y
      value: -3.03
      objectReference: {fileID: 0}
    - target: {fileID: 400000, guid: b06fe341ec4139e4a95092edb86c7f4d, type: 3}
      propertyPath: m_LocalPosition.z
      value: 0.83
      objectReference: {fileID: 0}
    - target: {fileID: 400000, guid: b06fe341ec4139e4a95092edb86c7f4d, type: 3}
      propertyPath: m_LocalRotation.x
      value: -0
      objectReference: {fileID: 0}
    - target: {fileID: 400000, guid: b06fe341ec4139e4a95092edb86c7f4d, type: 3}
      propertyPath: m_LocalRotation.y
      value: 0.588461
      objectReference: {fileID: 0}
    - target: {fileID: 400000, guid: b06fe341ec4139e4a95092edb86c7f4d, type: 3}
      propertyPath: m_LocalRotation.z
      value: -0
      objectReference: {fileID: 0}
    - target: {fileID: 400000, guid: b06fe341ec4139e4a95092edb86c7f4d, type: 3}
      propertyPath: m_LocalRotation.w
      value: 0.8085256
      objectReference: {fileID: 0}
    - target: {fileID: 400000, guid: b06fe341ec4139e4a95092edb86c7f4d, type: 3}
      propertyPath: m_RootOrder
      value: 1
      objectReference: {fileID: 0}
    - target: {fileID: 400000, guid: b06fe341ec4139e4a95092edb86c7f4d, type: 3}
      propertyPath: m_LocalScale.x
      value: 0.27599847
      objectReference: {fileID: 0}
    - target: {fileID: 400000, guid: b06fe341ec4139e4a95092edb86c7f4d, type: 3}
      propertyPath: m_LocalScale.y
      value: 0.27599847
      objectReference: {fileID: 0}
    - target: {fileID: 400000, guid: b06fe341ec4139e4a95092edb86c7f4d, type: 3}
      propertyPath: m_LocalScale.z
      value: 0.27599847
      objectReference: {fileID: 0}
    - target: {fileID: 400000, guid: b06fe341ec4139e4a95092edb86c7f4d, type: 3}
      propertyPath: m_LocalEulerAnglesHint.y
      value: 2232.096
      objectReference: {fileID: 0}
    m_RemovedComponents: []
  m_SourcePrefab: {fileID: 100100000, guid: b06fe341ec4139e4a95092edb86c7f4d, type: 3}
  m_IsPrefabAsset: 0
--- !u!1 &2010456756 stripped
GameObject:
  m_CorrespondingSourceObject: {fileID: 100022, guid: 0014780d9afe3124e846367e68bc82f5,
    type: 3}
  m_PrefabInternal: {fileID: 317069910}
--- !u!114 &2010456760
MonoBehaviour:
  m_ObjectHideFlags: 0
  m_CorrespondingSourceObject: {fileID: 0}
  m_PrefabInternal: {fileID: 0}
  m_GameObject: {fileID: 2010456756}
  m_Enabled: 1
  m_EditorHideFlags: 0
  m_Script: {fileID: 11500000, guid: 389e6bf632cd5224fa58e75a04f9de03, type: 3}
  m_Name: 
  m_EditorClassIdentifier: 
  axis: 0
  rotationSpeed: 15
--- !u!1 &2059551042 stripped
GameObject:
  m_CorrespondingSourceObject: {fileID: 100024, guid: 0014780d9afe3124e846367e68bc82f5,
    type: 3}
  m_PrefabInternal: {fileID: 317069910}
--- !u!114 &2059551046
MonoBehaviour:
  m_ObjectHideFlags: 0
  m_CorrespondingSourceObject: {fileID: 0}
  m_PrefabInternal: {fileID: 0}
  m_GameObject: {fileID: 2059551042}
  m_Enabled: 1
  m_EditorHideFlags: 0
  m_Script: {fileID: 11500000, guid: 389e6bf632cd5224fa58e75a04f9de03, type: 3}
  m_Name: 
  m_EditorClassIdentifier: 
  axis: 1
  rotationSpeed: 15
